<?xml version="1.0" encoding="UTF-8"?><record xmlns="http://www.loc.gov/MARC21/slim" xmlns:cinclude="http://apache.org/cocoon/include/1.0" xmlns:zs="http://www.loc.gov/zing/srw/">
  <leader>00550cz  a2200145n  4500</leader>
  <controlfield tag="001">no2006020098</controlfield>
  <controlfield tag="003">DLC</controlfield>
  <controlfield tag="005">20100828075330.0</controlfield>
  <controlfield tag="008">060224n| acannaabn          |n ana     c</controlfield>
  <datafield tag="010" ind1=" " ind2=" ">
    <subfield code="a">no2006020098</subfield>
  </datafield>
  <datafield tag="035" ind1=" " ind2=" ">
    <subfield code="a">(OCoLC)oca06864000</subfield>
  </datafield>
  <datafield tag="040" ind1=" " ind2=" ">
    <subfield code="a">N</subfield>
    <subfield code="b">eng</subfield>
    <subfield code="c">N</subfield>
    <subfield code="d">N</subfield>
  </datafield>
  <datafield tag="087" ind1=" " ind2=" ">
    <subfield code="a">HEA 193</subfield>
    <subfield code="2">nydocs</subfield>
  </datafield>
  <datafield tag="110" ind1="1" ind2=" ">
    <subfield code="a">New York (State).</subfield>
    <subfield code="b">Center for Community Health.</subfield>
    <subfield code="b">Public Health Information Group</subfield>
  </datafield>
  <datafield tag="670" ind1=" " ind2=" ">
    <subfield code="a">New York State asthma surveillance summary report, 2005:</subfield>
    <subfield code="b">t.p. (Public Health Information Group, Center for Community Health, New York State Department of Health)</subfield>
  </datafield>
</record>